@article{smith2018cloud,
  author  = {Smith, J. and Brown, L.},
  title   = {Cloud-Based Hospital Management Systems: A Comparative Study},
  journal = {Journal of Healthcare Informatics},
  volume  = {23},
  number  = {2},
  pages   = {115--130},
  year    = {2018}
}

@misc{solveetech2023,
  author       = {{SolveeTech Pvt. Ltd.}},
  title        = {Company Overview and Innovation in Healthcare Solutions},
  howpublished = {\url{https://www.solveetech.com/overview}},
  note         = {Accessed: 2024-04-01},
  year         = {2023}
}

@article{doe2020digital,
  author  = {Doe, A.},
  title   = {Digital Transformation in Healthcare: The Rise of Cloud Computing},
  journal = {Medical Systems Review},
  volume  = {12},
  number  = {1},
  pages   = {45--60},
  year    = {2020}
}

@article{miller2019survey,
  author  = {Miller, C.},
  title   = {A Survey of Software as a Service Architectures and Their Applications},
  journal = {International Journal of Software Engineering},
  volume  = {15},
  number  = {4},
  pages   = {201--220},
  year    = {2019}
}

@misc{healthtechinsights2022,
  author       = {{HealthTech Insights}},
  title        = {Virtual Tours in Modern Hospitals: Enhancing Patient Engagement},
  howpublished = {\url{https://www.healthtechinsights.com/virtual-tours}},
  note         = {Accessed: 2024-04-01},
  year         = {2022}
}

@misc{techdeployment2021,
  author       = {{Tech Deployment Weekly}},
  title        = {Best Practices for Deploying SaaS-based Systems},
  howpublished = {\url{https://www.techdeployment.com/saas}},
  note         = {Accessed: 2024-04-01},
  year         = {2021}
}

@misc{apaciteguide,
  author       = {{Apacite Documentation}},
  title        = {Apacite Package: APA Citation Style for \LaTeX},
  howpublished = {\url{https://ctan.org/pkg/apacite}},
  note         = {Accessed: 2024-04-01},
  year         = {2024}
}

@article{rahman2021saas,
  author  = {Rahman, S. and Akhtar, N.},
  title   = {Implementing SaaS in Healthcare Environments: Benefits and Challenges},
  journal = {Journal of Medical Informatics},
  volume  = {18},
  number  = {2},
  pages   = {98--115},
  year    = {2021}
}
